<record><leader>00000cas a2200000 a 4500</leader><controlfield tag="001">40949642</controlfield><controlfield tag="008">990312d19051910miuwr n       0    0eng c</controlfield><datafield ind1=" " ind2=" " tag="010"><subfield code="a">sn 99065107 </subfield></datafield><datafield ind1=" " ind2=" " tag="040"><subfield code="a">MHN</subfield><subfield code="b">eng</subfield><subfield code="c">MHN</subfield><subfield code="d">OCL</subfield><subfield code="d">OCLCQ</subfield><subfield code="d">OCLCO</subfield></datafield><datafield ind1=" " ind2=" " tag="042"><subfield code="a">pcc</subfield></datafield><datafield ind1=" " ind2=" " tag="043"><subfield code="a">n-us-mi</subfield></datafield><datafield ind1="0" ind2=" " tag="130"><subfield code="a">Montgomery record (Montgomery, Mich. : 1905)</subfield></datafield><datafield ind1="1" ind2="4" tag="245"><subfield code="a">The Montgomery record.</subfield></datafield><datafield ind1=" " ind2=" " tag="260"><subfield code="a">Montgomery, Hillsdale Co., Mich. :</subfield><subfield code="b">A.C. Wolfe</subfield></datafield><datafield ind1=" " ind2=" " tag="300"><subfield code="a">v.</subfield></datafield><datafield ind1=" " ind2=" " tag="310"><subfield code="a">Weekly</subfield></datafield><datafield ind1="0" ind2=" " tag="362"><subfield code="a">1st yr., vol. 1, no. 1 (Apr. 6, 1905)-</subfield></datafield><datafield ind1=" " ind2="0" tag="651"><subfield code="a">Montgomery (Mich.)</subfield><subfield code="v">Newspapers.</subfield></datafield><datafield ind1=" " ind2="0" tag="651"><subfield code="a">Hillsdale County (Mich.)</subfield><subfield code="v">Newspapers.</subfield></datafield><datafield ind1=" " ind2=" " tag="752"><subfield code="a">United States</subfield><subfield code="b">Michigan</subfield><subfield code="c">Hillsdale</subfield><subfield code="d">Montgomery.</subfield></datafield><datafield ind1="0" ind2="0" tag="785"><subfield code="t">Record (Montgomery, Mich.)</subfield><subfield code="w">(DLC)sn 99065114</subfield><subfield code="w">(OCoLC)40949821</subfield></datafield></record>